<record><leader>00000cas a22000007a 4500</leader><controlfield tag="001">23844732</controlfield><controlfield tag="008">910528d18921892nyuwr ne      0    0eng d</controlfield><datafield ind1=" " ind2=" " tag="010"><subfield code="a">sn 91066288 </subfield></datafield><datafield ind1=" " ind2=" " tag="040"><subfield code="a">NYS</subfield><subfield code="b">eng</subfield><subfield code="c">NYS</subfield><subfield code="d">OCLCQ</subfield></datafield><datafield ind1=" " ind2=" " tag="042"><subfield code="a">msc</subfield></datafield><datafield ind1="0" ind2=" " tag="130"><subfield code="a">Cortland journal (Cortland, N.Y. : 1892)</subfield></datafield><datafield ind1="1" ind2="0" tag="245"><subfield code="a">Cortland journal.</subfield></datafield><datafield ind1="3" ind2="0" tag="246"><subfield code="a">Cortland weekly edition journal</subfield></datafield><datafield ind1=" " ind2=" " tag="250"><subfield code="a">Weekly ed.</subfield></datafield><datafield ind1=" " ind2=" " tag="260"><subfield code="a">Cortland, N.Y. :</subfield><subfield code="b">Chas. W. Smith</subfield></datafield><datafield ind1=" " ind2=" " tag="300"><subfield code="a">v. ;</subfield><subfield code="c">56 cm.</subfield></datafield><datafield ind1=" " ind2=" " tag="310"><subfield code="a">Weekly</subfield></datafield><datafield ind1="1" ind2=" " tag="362"><subfield code="a">Began in 1892? Ceased in 1892.</subfield></datafield><datafield ind1=" " ind2=" " tag="500"><subfield code="a">"Weekly edition" appears above masthead ornament.</subfield></datafield><datafield ind1=" " ind2=" " tag="588"><subfield code="a">Description based on: Vol. 1, no. 20 (Apr. 13, 1892).</subfield></datafield><datafield ind1=" " ind2="4" tag="651"><subfield code="a">Cortland (N.Y.)</subfield><subfield code="v">Newspapers.</subfield></datafield><datafield ind1=" " ind2=" " tag="752"><subfield code="a">United States</subfield><subfield code="b">New York</subfield><subfield code="c">Cortland</subfield><subfield code="d">Cortland.</subfield></datafield><datafield ind1="0" ind2=" " tag="775"><subfield code="a">Cortland daily journal</subfield><subfield code="w">(DLC)sn 91066289</subfield><subfield code="w">(OCoLC)23844488</subfield></datafield><datafield ind1="0" ind2="7" tag="785"><subfield code="t">Cortland standard (Cortland, N.Y. : 1877)</subfield><subfield code="w">(DLC)sn 91066260</subfield></datafield><datafield ind1="0" ind2="7" tag="785"><subfield code="t">Cortland standard and weekly journal</subfield><subfield code="w">(DLC)sn 91066328</subfield><subfield code="w">(OCoLC)23966204</subfield></datafield><datafield ind1="1" ind2=" " tag="029"><subfield code="a">AU@</subfield><subfield code="b">000025906424</subfield></datafield></record>